<record><leader>00000cas a22000007a 4500</leader><controlfield tag="001">22204047</controlfield><controlfield tag="008">900810d19121912maudn ne      0    0eng d</controlfield><controlfield tag="009">9107</controlfield><datafield ind1=" " ind2=" " tag="010"><subfield code="a">sn 89062441 </subfield></datafield><datafield ind1=" " ind2=" " tag="040"><subfield code="a">MGN</subfield><subfield code="b">eng</subfield><subfield code="c">MGN</subfield></datafield><datafield ind1=" " ind2=" " tag="042"><subfield code="a">msc</subfield></datafield><datafield ind1="0" ind2="0" tag="245"><subfield code="a">Peabody daily press.</subfield></datafield><datafield ind1=" " ind2=" " tag="260"><subfield code="a">Peabody, Mass. :</subfield><subfield code="b">[A.H. Paton],</subfield></datafield><datafield ind1=" " ind2=" " tag="300"><subfield code="a">v.</subfield></datafield><datafield ind1=" " ind2=" " tag="310"><subfield code="a">Daily (except Sun.)</subfield></datafield><datafield ind1="0" ind2=" " tag="362"><subfield code="a">[Vol. 1, no. 1] (Mar. 7, 1912)-v. 1, no. 46 (Apr. 30, 1912).</subfield></datafield><datafield ind1=" " ind2=" " tag="752"><subfield code="a">United States</subfield><subfield code="b">Massachusetts</subfield><subfield code="c">Essex</subfield><subfield code="d">Peabody.</subfield></datafield><datafield ind1="0" ind2="0" tag="780"><subfield code="t">Peabody press (Peabody, Mass. : 1911)</subfield><subfield code="w">(DLC)sn 94055878</subfield></datafield><datafield ind1="0" ind2="0" tag="785"><subfield code="t">Peabody enterprise</subfield><subfield code="w">(DLC)sn 89062440</subfield></datafield></record>